@inproceedings{scalagp,
  author    = {Bruno C. d. S. Oliveira and
               Jeremy Gibbons},
  title     = {Scala for generic programmers},
  note      = {Available online at \url{http://www.cs.ox.ac.uk/jeremy.gibbons/publications/scalagp.pdf}},
  booktitle = {ICFP-WGP},
  year      = {2008},
  pages     = {25-36},
  ee        = {http://doi.acm.org/10.1145/1411318.1411323},
  crossref  = {DBLP:conf/icfp/2008wgp},
  bibsource = {DBLP, http://dblp.uni-trier.de}
}
@proceedings{DBLP:conf/icfp/2008wgp,
  editor    = {Ralf Hinze and
               Don Syme},
  title     = {Proceedings of the ACM SIGPLAN Workshop on Genetic Programming,
               WGP 2008, Victoria, BC, Canada, September 20, 2008},
  booktitle = {ICFP-WGP},
  publisher = {ACM},
  year      = {2008},
  isbn      = {978-1-60558-060-9},
  bibsource = {DBLP, http://dblp.uni-trier.de}
}


@inproceedings{DBLP:conf/tldi/LammelJ03,
  author    = {Ralf L{\"a}mmel and
               Simon L. Peyton Jones},
  title     = {Scrap your boilerplate: a practical design pattern for generic
               programming},
  booktitle = {TLDI},
  note      = {Available online at \url{http://research.microsoft.com/en-us/um/people/simonpj/Papers/hmap/hmap.ps}},
  year      = {2003},
  pages     = {26-37},
  ee        = {http://doi.acm.org/10.1145/604174.604179},
  crossref  = {DBLP:conf/tldi/2003},
  bibsource = {DBLP, http://dblp.uni-trier.de}
}
@proceedings{DBLP:conf/tldi/2003,
  editor    = {Zhong Shao and
               Peter Lee},
  title     = {Proceedings of TLDI'03: 2003 ACM SIGPLAN International Workshop
               on Types in Languages Design and Implementation, New Orleans,
               Louisiana, USA, January 18, 2003},
  booktitle = {TLDI},
  publisher = {ACM},
  year      = {2003},
  isbn      = {1-58113-649-8},
  ee        = {http://dl.acm.org/citation.cfm?id=604174},
  bibsource = {DBLP, http://dblp.uni-trier.de}
}



@inproceedings{DBLP:conf/haskell/RodriguezJJGKO08,
  author    = {Alexey Rodriguez and
               Johan Jeuring and
               Patrik Jansson and
               Alex Gerdes and
               Oleg Kiselyov and
               Bruno C. d. S. Oliveira},
  title     = {Comparing libraries for generic programming in haskell},
  booktitle = {Haskell},
  year      = {2008},
  pages     = {111-122},
  ee        = {http://doi.acm.org/10.1145/1411286.1411301},
  note      = {Available online at \url{http://www.cs.uu.nl/research/techreps/repo/CS-2008/2008-010.pdf}},
  crossref  = {DBLP:conf/haskell/2008},
  bibsource = {DBLP, http://dblp.uni-trier.de}
}
@proceedings{DBLP:conf/haskell/2008,
  editor    = {Andy Gill},
  title     = {Proceedings of the 1st ACM SIGPLAN Symposium on Haskell,
               Haskell 2008, Victoria, BC, Canada, 25 September 2008},
  booktitle = {Haskell},
  publisher = {ACM},
  year      = {2008},
  isbn      = {978-1-60558-064-7},
  bibsource = {DBLP, http://dblp.uni-trier.de}
}
